%YAML 1.1
%TAG !u! tag:unity3d.com,2011:
--- !u!1 &132230818973410919
GameObject:
  m_ObjectHideFlags: 0
  m_CorrespondingSourceObject: {fileID: 0}
  m_PrefabInstance: {fileID: 0}
  m_PrefabAsset: {fileID: 0}
  serializedVersion: 6
  m_Component:
  - component: {fileID: 335758390795933286}
  - component: {fileID: 462591438180312812}
  - component: {fileID: 5930079514491443818}
  m_Layer: 0
  m_Name: Flooring
  m_TagString: Untagged
  m_Icon: {fileID: 0}
  m_NavMeshLayer: 0
  m_StaticEditorFlags: 0
  m_IsActive: 1
--- !u!4 &335758390795933286
Transform:
  m_ObjectHideFlags: 0
  m_CorrespondingSourceObject: {fileID: 0}
  m_PrefabInstance: {fileID: 0}
  m_PrefabAsset: {fileID: 0}
  m_GameObject: {fileID: 132230818973410919}
  m_LocalRotation: {x: -0.7071068, y: -0, z: -0, w: 0.7071068}
  m_LocalPosition: {x: 0, y: 0, z: 0}
  m_LocalScale: {x: 1, y: 1, z: 1}
  m_Children:
  - {fileID: 6379359898985877951}
  - {fileID: 8795577686148180517}
  - {fileID: 8891746669869790109}
  m_Father: {fileID: 7423591881512487389}
  m_RootOrder: 0
  m_LocalEulerAnglesHint: {x: 0, y: 0, z: 0}
--- !u!33 &462591438180312812
MeshFilter:
  m_ObjectHideFlags: 0
  m_CorrespondingSourceObject: {fileID: 0}
  m_PrefabInstance: {fileID: 0}
  m_PrefabAsset: {fileID: 0}
  m_GameObject: {fileID: 132230818973410919}
  m_Mesh: {fileID: -7131583575908145604, guid: a87251a2fbe1b8642a9b6ac6a8fe2037, type: 3}
--- !u!23 &5930079514491443818
MeshRenderer:
  m_ObjectHideFlags: 0
  m_CorrespondingSourceObject: {fileID: 0}
  m_PrefabInstance: {fileID: 0}
  m_PrefabAsset: {fileID: 0}
  m_GameObject: {fileID: 132230818973410919}
  m_Enabled: 1
  m_CastShadows: 1
  m_ReceiveShadows: 1
  m_DynamicOccludee: 1
  m_StaticShadowCaster: 0
  m_MotionVectors: 1
  m_LightProbeUsage: 1
  m_ReflectionProbeUsage: 1
  m_RayTracingMode: 2
  m_RayTraceProcedural: 0
  m_RenderingLayerMask: 1
  m_RendererPriority: 0
  m_Materials:
  - {fileID: 2100000, guid: 8e2848eb7c907984e86e4cd4dab1a64c, type: 2}
  - {fileID: 2100000, guid: 8e2848eb7c907984e86e4cd4dab1a64c, type: 2}
  m_StaticBatchInfo:
    firstSubMesh: 0
    subMeshCount: 0
  m_StaticBatchRoot: {fileID: 0}
  m_ProbeAnchor: {fileID: 0}
  m_LightProbeVolumeOverride: {fileID: 0}
  m_ScaleInLightmap: 1
  m_ReceiveGI: 1
  m_PreserveUVs: 0
  m_IgnoreNormalsForChartDetection: 0
  m_ImportantGI: 0
  m_StitchLightmapSeams: 1
  m_SelectedEditorRenderState: 3
  m_MinimumChartSize: 4
  m_AutoUVMaxDistance: 0.5
  m_AutoUVMaxAngle: 89
  m_LightmapParameters: {fileID: 0}
  m_SortingLayerID: 0
  m_SortingLayer: 0
  m_SortingOrder: 0
  m_AdditionalVertexStreams: {fileID: 0}
--- !u!1 &368474125783274875
GameObject:
  m_ObjectHideFlags: 0
  m_CorrespondingSourceObject: {fileID: 0}
  m_PrefabInstance: {fileID: 0}
  m_PrefabAsset: {fileID: 0}
  serializedVersion: 6
  m_Component:
  - component: {fileID: 8891746669869790109}
  - component: {fileID: 4127767223112423678}
  - component: {fileID: 7419363508249587270}
  m_Layer: 0
  m_Name: Tiling
  m_TagString: Untagged
  m_Icon: {fileID: 0}
  m_NavMeshLayer: 0
  m_StaticEditorFlags: 0
  m_IsActive: 1
--- !u!4 &8891746669869790109
Transform:
  m_ObjectHideFlags: 0
  m_CorrespondingSourceObject: {fileID: 0}
  m_PrefabInstance: {fileID: 0}
  m_PrefabAsset: {fileID: 0}
  m_GameObject: {fileID: 368474125783274875}
  m_LocalRotation: {x: 0, y: -0, z: -0, w: 1}
  m_LocalPosition: {x: -0, y: 0, z: 0}
  m_LocalScale: {x: 1, y: 1, z: 1}
  m_Children: []
  m_Father: {fileID: 335758390795933286}
  m_RootOrder: 2
  m_LocalEulerAnglesHint: {x: 0, y: 0, z: 0}
--- !u!33 &4127767223112423678
MeshFilter:
  m_ObjectHideFlags: 0
  m_CorrespondingSourceObject: {fileID: 0}
  m_PrefabInstance: {fileID: 0}
  m_PrefabAsset: {fileID: 0}
  m_GameObject: {fileID: 368474125783274875}
  m_Mesh: {fileID: -5923076132726327414, guid: a87251a2fbe1b8642a9b6ac6a8fe2037, type: 3}
--- !u!23 &7419363508249587270
MeshRenderer:
  m_ObjectHideFlags: 0
  m_CorrespondingSourceObject: {fileID: 0}
  m_PrefabInstance: {fileID: 0}
  m_PrefabAsset: {fileID: 0}
  m_GameObject: {fileID: 368474125783274875}
  m_Enabled: 1
  m_CastShadows: 1
  m_ReceiveShadows: 1
  m_DynamicOccludee: 1
  m_StaticShadowCaster: 0
  m_MotionVectors: 1
  m_LightProbeUsage: 1
  m_ReflectionProbeUsage: 1
  m_RayTracingMode: 2
  m_RayTraceProcedural: 0
  m_RenderingLayerMask: 1
  m_RendererPriority: 0
  m_Materials:
  - {fileID: 2100000, guid: a40e2e13445ac674a952e94d8ee453da, type: 2}
  - {fileID: 2100000, guid: 8e2848eb7c907984e86e4cd4dab1a64c, type: 2}
  m_StaticBatchInfo:
    firstSubMesh: 0
    subMeshCount: 0
  m_StaticBatchRoot: {fileID: 0}
  m_ProbeAnchor: {fileID: 0}
  m_LightProbeVolumeOverride: {fileID: 0}
  m_ScaleInLightmap: 1
  m_ReceiveGI: 1
  m_PreserveUVs: 0
  m_IgnoreNormalsForChartDetection: 0
  m_ImportantGI: 0
  m_StitchLightmapSeams: 1
  m_SelectedEditorRenderState: 3
  m_MinimumChartSize: 4
  m_AutoUVMaxDistance: 0.5
  m_AutoUVMaxAngle: 89
  m_LightmapParameters: {fileID: 0}
  m_SortingLayerID: 0
  m_SortingLayer: 0
  m_SortingOrder: 0
  m_AdditionalVertexStreams: {fileID: 0}
--- !u!1 &483180820067898510
GameObject:
  m_ObjectHideFlags: 0
  m_CorrespondingSourceObject: {fileID: 0}
  m_PrefabInstance: {fileID: 0}
  m_PrefabAsset: {fileID: 0}
  serializedVersion: 6
  m_Component:
  - component: {fileID: 8795577686148180517}
  - component: {fileID: 3853588888594120738}
  - component: {fileID: 1518371839370954977}
  m_Layer: 0
  m_Name: WallSegment
  m_TagString: Untagged
  m_Icon: {fileID: 0}
  m_NavMeshLayer: 0
  m_StaticEditorFlags: 0
  m_IsActive: 1
--- !u!4 &8795577686148180517
Transform:
  m_ObjectHideFlags: 0
  m_CorrespondingSourceObject: {fileID: 0}
  m_PrefabInstance: {fileID: 0}
  m_PrefabAsset: {fileID: 0}
  m_GameObject: {fileID: 483180820067898510}
  m_LocalRotation: {x: 0, y: -0, z: -0, w: 1}
  m_LocalPosition: {x: -0, y: 0, z: 0}
  m_LocalScale: {x: 1, y: 1, z: 1}
  m_Children: []
  m_Father: {fileID: 335758390795933286}
  m_RootOrder: 1
  m_LocalEulerAnglesHint: {x: 0, y: 0, z: 0}
--- !u!33 &3853588888594120738
MeshFilter:
  m_ObjectHideFlags: 0
  m_CorrespondingSourceObject: {fileID: 0}
  m_PrefabInstance: {fileID: 0}
  m_PrefabAsset: {fileID: 0}
  m_GameObject: {fileID: 483180820067898510}
  m_Mesh: {fileID: -6911079082594152642, guid: a87251a2fbe1b8642a9b6ac6a8fe2037, type: 3}
--- !u!23 &1518371839370954977
MeshRenderer:
  m_ObjectHideFlags: 0
  m_CorrespondingSourceObject: {fileID: 0}
  m_PrefabInstance: {fileID: 0}
  m_PrefabAsset: {fileID: 0}
  m_GameObject: {fileID: 483180820067898510}
  m_Enabled: 1
  m_CastShadows: 1
  m_ReceiveShadows: 1
  m_DynamicOccludee: 1
  m_StaticShadowCaster: 0
  m_MotionVectors: 1
  m_LightProbeUsage: 1
  m_ReflectionProbeUsage: 1
  m_RayTracingMode: 2
  m_RayTraceProcedural: 0
  m_RenderingLayerMask: 1
  m_RendererPriority: 0
  m_Materials:
  - {fileID: 2100000, guid: 1a8fc3d0c7f08fd49b5b842b9084d557, type: 2}
  - {fileID: 2100000, guid: 8e2848eb7c907984e86e4cd4dab1a64c, type: 2}
  m_StaticBatchInfo:
    firstSubMesh: 0
    subMeshCount: 0
  m_StaticBatchRoot: {fileID: 0}
  m_ProbeAnchor: {fileID: 0}
  m_LightProbeVolumeOverride: {fileID: 0}
  m_ScaleInLightmap: 1
  m_ReceiveGI: 1
  m_PreserveUVs: 0
  m_IgnoreNormalsForChartDetection: 0
  m_ImportantGI: 0
  m_StitchLightmapSeams: 1
  m_SelectedEditorRenderState: 3
  m_MinimumChartSize: 4
  m_AutoUVMaxDistance: 0.5
  m_AutoUVMaxAngle: 89
  m_LightmapParameters: {fileID: 0}
  m_SortingLayerID: 0
  m_SortingLayer: 0
  m_SortingOrder: 0
  m_AdditionalVertexStreams: {fileID: 0}
--- !u!1 &2231750286052914055
GameObject:
  m_ObjectHideFlags: 0
  m_CorrespondingSourceObject: {fileID: 0}
  m_PrefabInstance: {fileID: 0}
  m_PrefabAsset: {fileID: 0}
  serializedVersion: 6
  m_Component:
  - component: {fileID: 6379359898985877951}
  - component: {fileID: 8380650363662272176}
  - component: {fileID: 7893129768373582245}
  m_Layer: 0
  m_Name: CausticsFloor
  m_TagString: Untagged
  m_Icon: {fileID: 0}
  m_NavMeshLayer: 0
  m_StaticEditorFlags: 0
  m_IsActive: 1
--- !u!4 &6379359898985877951
Transform:
  m_ObjectHideFlags: 0
  m_CorrespondingSourceObject: {fileID: 0}
  m_PrefabInstance: {fileID: 0}
  m_PrefabAsset: {fileID: 0}
  m_GameObject: {fileID: 2231750286052914055}
  m_LocalRotation: {x: 0, y: -0, z: -0, w: 1}
  m_LocalPosition: {x: -0, y: 0, z: 0}
  m_LocalScale: {x: 1, y: 1, z: 1}
  m_Children: []
  m_Father: {fileID: 335758390795933286}
  m_RootOrder: 0
  m_LocalEulerAnglesHint: {x: 0, y: 0, z: 0}
--- !u!33 &8380650363662272176
MeshFilter:
  m_ObjectHideFlags: 0
  m_CorrespondingSourceObject: {fileID: 0}
  m_PrefabInstance: {fileID: 0}
  m_PrefabAsset: {fileID: 0}
  m_GameObject: {fileID: 2231750286052914055}
  m_Mesh: {fileID: 7172175156552773830, guid: a87251a2fbe1b8642a9b6ac6a8fe2037, type: 3}
--- !u!23 &7893129768373582245
MeshRenderer:
  m_ObjectHideFlags: 0
  m_CorrespondingSourceObject: {fileID: 0}
  m_PrefabInstance: {fileID: 0}
  m_PrefabAsset: {fileID: 0}
  m_GameObject: {fileID: 2231750286052914055}
  m_Enabled: 1
  m_CastShadows: 1
  m_ReceiveShadows: 1
  m_DynamicOccludee: 1
  m_StaticShadowCaster: 0
  m_MotionVectors: 1
  m_LightProbeUsage: 1
  m_ReflectionProbeUsage: 1
  m_RayTracingMode: 2
  m_RayTraceProcedural: 0
  m_RenderingLayerMask: 1
  m_RendererPriority: 0
  m_Materials:
  - {fileID: 2100000, guid: b870df4b40bd1084c8b0f3faaceee744, type: 2}
  - {fileID: 2100000, guid: 8e2848eb7c907984e86e4cd4dab1a64c, type: 2}
  m_StaticBatchInfo:
    firstSubMesh: 0
    subMeshCount: 0
  m_StaticBatchRoot: {fileID: 0}
  m_ProbeAnchor: {fileID: 0}
  m_LightProbeVolumeOverride: {fileID: 0}
  m_ScaleInLightmap: 1
  m_ReceiveGI: 1
  m_PreserveUVs: 0
  m_IgnoreNormalsForChartDetection: 0
  m_ImportantGI: 0
  m_StitchLightmapSeams: 1
  m_SelectedEditorRenderState: 3
  m_MinimumChartSize: 4
  m_AutoUVMaxDistance: 0.5
  m_AutoUVMaxAngle: 89
  m_LightmapParameters: {fileID: 0}
  m_SortingLayerID: 0
  m_SortingLayer: 0
  m_SortingOrder: 0
  m_AdditionalVertexStreams: {fileID: 0}
--- !u!1 &6626355975199086416
GameObject:
  m_ObjectHideFlags: 0
  m_CorrespondingSourceObject: {fileID: 0}
  m_PrefabInstance: {fileID: 0}
  m_PrefabAsset: {fileID: 0}
  serializedVersion: 6
  m_Component:
  - component: {fileID: 7423591881512487389}
  m_Layer: 0
  m_Name: Pool
  m_TagString: Untagged
  m_Icon: {fileID: 0}
  m_NavMeshLayer: 0
  m_StaticEditorFlags: 0
  m_IsActive: 1
--- !u!4 &7423591881512487389
Transform:
  m_ObjectHideFlags: 0
  m_CorrespondingSourceObject: {fileID: 0}
  m_PrefabInstance: {fileID: 0}
  m_PrefabAsset: {fileID: 0}
  m_GameObject: {fileID: 6626355975199086416}
  m_LocalRotation: {x: 0, y: 0, z: 0, w: 1}
  m_LocalPosition: {x: 0, y: 0, z: 0}
  m_LocalScale: {x: 4, y: 4, z: 4}
  m_Children:
  - {fileID: 335758390795933286}
  - {fileID: 543450653218974222}
  - {fileID: 543450653144034322}
  m_Father: {fileID: 0}
  m_RootOrder: 0
  m_LocalEulerAnglesHint: {x: 0, y: 0, z: 0}
--- !u!1001 &481250789
PrefabInstance:
  m_ObjectHideFlags: 0
  serializedVersion: 2
  m_Modification:
    m_TransformParent: {fileID: 7423591881512487389}
    m_Modifications:
    - target: {fileID: -8679921383154817045, guid: 13f514fbf1793624d9b1a008bcdc0ea4,
        type: 3}
      propertyPath: m_RootOrder
      value: 1
      objectReference: {fileID: 0}
    - target: {fileID: -8679921383154817045, guid: 13f514fbf1793624d9b1a008bcdc0ea4,
        type: 3}
      propertyPath: m_LocalScale.x
      value: 2000
      objectReference: {fileID: 0}
    - target: {fileID: -8679921383154817045, guid: 13f514fbf1793624d9b1a008bcdc0ea4,
        type: 3}
      propertyPath: m_LocalScale.y
      value: 2000
      objectReference: {fileID: 0}
    - target: {fileID: -8679921383154817045, guid: 13f514fbf1793624d9b1a008bcdc0ea4,
        type: 3}
      propertyPath: m_LocalScale.z
      value: 2000
      objectReference: {fileID: 0}
    - target: {fileID: -8679921383154817045, guid: 13f514fbf1793624d9b1a008bcdc0ea4,
        type: 3}
      propertyPath: m_LocalPosition.x
      value: -422.5954
      objectReference: {fileID: 0}
    - target: {fileID: -8679921383154817045, guid: 13f514fbf1793624d9b1a008bcdc0ea4,
        type: 3}
      propertyPath: m_LocalPosition.y
      value: 0.000045776367
      objectReference: {fileID: 0}
    - target: {fileID: -8679921383154817045, guid: 13f514fbf1793624d9b1a008bcdc0ea4,
        type: 3}
      propertyPath: m_LocalPosition.z
      value: 8
      objectReference: {fileID: 0}
    - target: {fileID: -8679921383154817045, guid: 13f514fbf1793624d9b1a008bcdc0ea4,
        type: 3}
      propertyPath: m_LocalRotation.w
      value: 1
      objectReference: {fileID: 0}
    - target: {fileID: -8679921383154817045, guid: 13f514fbf1793624d9b1a008bcdc0ea4,
        type: 3}
      propertyPath: m_LocalRotation.x
      value: -0
      objectReference: {fileID: 0}
    - target: {fileID: -8679921383154817045, guid: 13f514fbf1793624d9b1a008bcdc0ea4,
        type: 3}
      propertyPath: m_LocalRotation.y
      value: -0
      objectReference: {fileID: 0}
    - target: {fileID: -8679921383154817045, guid: 13f514fbf1793624d9b1a008bcdc0ea4,
        type: 3}
      propertyPath: m_LocalRotation.z
      value: -0
      objectReference: {fileID: 0}
    - target: {fileID: -8679921383154817045, guid: 13f514fbf1793624d9b1a008bcdc0ea4,
        type: 3}
      propertyPath: m_LocalEulerAnglesHint.x
      value: 0
      objectReference: {fileID: 0}
    - target: {fileID: -8679921383154817045, guid: 13f514fbf1793624d9b1a008bcdc0ea4,
        type: 3}
      propertyPath: m_LocalEulerAnglesHint.y
      value: 0
      objectReference: {fileID: 0}
    - target: {fileID: -8679921383154817045, guid: 13f514fbf1793624d9b1a008bcdc0ea4,
        type: 3}
      propertyPath: m_LocalEulerAnglesHint.z
      value: 0
      objectReference: {fileID: 0}
    - target: {fileID: 919132149155446097, guid: 13f514fbf1793624d9b1a008bcdc0ea4,
        type: 3}
      propertyPath: m_Name
      value: palm_tree
      objectReference: {fileID: 0}
    - target: {fileID: 919132149155446097, guid: 13f514fbf1793624d9b1a008bcdc0ea4,
        type: 3}
      propertyPath: m_IsActive
      value: 1
      objectReference: {fileID: 0}
    m_RemovedComponents: []
  m_SourcePrefab: {fileID: 100100000, guid: 13f514fbf1793624d9b1a008bcdc0ea4, type: 3}
--- !u!4 &543450653218974222 stripped
Transform:
  m_CorrespondingSourceObject: {fileID: -8679921383154817045, guid: 13f514fbf1793624d9b1a008bcdc0ea4,
    type: 3}
  m_PrefabInstance: {fileID: 481250789}
  m_PrefabAsset: {fileID: 0}
--- !u!1001 &589810681
PrefabInstance:
  m_ObjectHideFlags: 0
  serializedVersion: 2
  m_Modification:
    m_TransformParent: {fileID: 7423591881512487389}
    m_Modifications:
    - target: {fileID: -8679921383154817045, guid: 04fd298898c1a5a479e38faa7f7ffec4,
        type: 3}
      propertyPath: m_RootOrder
      value: 2
      objectReference: {fileID: 0}
    - target: {fileID: -8679921383154817045, guid: 04fd298898c1a5a479e38faa7f7ffec4,
        type: 3}
      propertyPath: m_LocalScale.x
      value: 15
      objectReference: {fileID: 0}
    - target: {fileID: -8679921383154817045, guid: 04fd298898c1a5a479e38faa7f7ffec4,
        type: 3}
      propertyPath: m_LocalScale.y
      value: 15
      objectReference: {fileID: 0}
    - target: {fileID: -8679921383154817045, guid: 04fd298898c1a5a479e38faa7f7ffec4,
        type: 3}
      propertyPath: m_LocalScale.z
      value: 15
      objectReference: {fileID: 0}
    - target: {fileID: -8679921383154817045, guid: 04fd298898c1a5a479e38faa7f7ffec4,
        type: 3}
      propertyPath: m_LocalPosition.x
      value: -493.1
      objectReference: {fileID: 0}
    - target: {fileID: -8679921383154817045, guid: 04fd298898c1a5a479e38faa7f7ffec4,
        type: 3}
      propertyPath: m_LocalPosition.y
      value: 79.27997
      objectReference: {fileID: 0}
    - target: {fileID: -8679921383154817045, guid: 04fd298898c1a5a479e38faa7f7ffec4,
        type: 3}
      propertyPath: m_LocalPosition.z
      value: -191.7
      objectReference: {fileID: 0}
    - target: {fileID: -8679921383154817045, guid: 04fd298898c1a5a479e38faa7f7ffec4,
        type: 3}
      propertyPath: m_LocalRotation.w
      value: 0.30625162
      objectReference: {fileID: 0}
    - target: {fileID: -8679921383154817045, guid: 04fd298898c1a5a479e38faa7f7ffec4,
        type: 3}
      propertyPath: m_LocalRotation.x
      value: -0.8404707
      objectReference: {fileID: 0}
    - target: {fileID: -8679921383154817045, guid: 04fd298898c1a5a479e38faa7f7ffec4,
        type: 3}
      propertyPath: m_LocalRotation.y
      value: 0.033755284
      objectReference: {fileID: 0}
    - target: {fileID: -8679921383154817045, guid: 04fd298898c1a5a479e38faa7f7ffec4,
        type: 3}
      propertyPath: m_LocalRotation.z
      value: -0.44573498
      objectReference: {fileID: 0}
    - target: {fileID: -8679921383154817045, guid: 04fd298898c1a5a479e38faa7f7ffec4,
        type: 3}
      propertyPath: m_LocalEulerAnglesHint.x
      value: -151.007
      objectReference: {fileID: 0}
    - target: {fileID: -8679921383154817045, guid: 04fd298898c1a5a479e38faa7f7ffec4,
        type: 3}
      propertyPath: m_LocalEulerAnglesHint.y
      value: -61.67099
      objectReference: {fileID: 0}
    - target: {fileID: -8679921383154817045, guid: 04fd298898c1a5a479e38faa7f7ffec4,
        type: 3}
      propertyPath: m_LocalEulerAnglesHint.z
      value: 22.147995
      objectReference: {fileID: 0}
    - target: {fileID: -7511558181221131132, guid: 04fd298898c1a5a479e38faa7f7ffec4,
        type: 3}
      propertyPath: m_Materials.Array.data[0]
      value: 
      objectReference: {fileID: 2100000, guid: 62a7b686c2995ca4a8f3ff565f334eec, type: 2}
    - target: {fileID: 919132149155446097, guid: 04fd298898c1a5a479e38faa7f7ffec4,
        type: 3}
      propertyPath: m_Name
      value: Beach ball
      objectReference: {fileID: 0}
    m_RemovedComponents: []
  m_SourcePrefab: {fileID: 100100000, guid: 04fd298898c1a5a479e38faa7f7ffec4, type: 3}
--- !u!4 &543450653144034322 stripped
Transform:
  m_CorrespondingSourceObject: {fileID: -8679921383154817045, guid: 04fd298898c1a5a479e38faa7f7ffec4,
    type: 3}
  m_PrefabInstance: {fileID: 589810681}
  m_PrefabAsset: {fileID: 0}
